@article{Grimm2006,
	title = {The Master Hearing Aid: A {PC}-Based Platform for Algorithm Development and Evaluation},
	volume = {92},
	pages = {618--628},
	number = {4},
	journal = AAUACU,
	author = {Grimm, Giso and Herzke, Tobias and Berg, Daniel and Hohmann, Volker},
	year = 2006
}
@article{Pausch2018,
	title = {An Extended Binaural Real-Time Auralization System With an Interface to Research Hearing Aids for Experiments on Subjects With Hearing Loss},
	volume = {22},
	issn = {2331-2165, 2331-2165},
	doi = {10.1177/2331216518800871},
	pages = {1--32},
	journal = {Trends Hear.},
	author = {Pausch, Florian and Aspöck, Lukas and Vorländer, Michael and Fels, Janina},
	year = 2018
}