@STRING{AA = {Applied Acoust.}}
@STRING{AAUACU = {Acta Acustica united with Acustica}}
@STRING{ACE = {Proc. {ACE} Challenge Workshop, a satellite of {IEEE}-{WASPAA}}}
@STRING{ACET = {Proc. Int. Conf. on Advances in Computer Entertainment Technol.}}
@STRING{ACU = {Acustica}}
@STRING{AES = {Proc. Audio Eng. Soc. ({AES}) Conv.}}
@STRING{AES_AVAR = {Proc. Audio Eng. Soc. ({AES}) Conf. on Audio for Virtual \& Augmented Reality}}
@STRING{AES_DREAMS = {Proc. Audio Eng. Soc. ({AES}) Conf.: DREAMS ({D}ereverberation and {R}everberation of {A}udio, {M}usic, and {S}peech)}}
@STRING{AES_FORENSIC = {Proc. Audio Eng. Soc. ({AES}) Conf. on Audio Forensics}}
@STRING{AES_SSR = {Proc. Audio Eng. Soc. ({AES}) Conf. on Spatial Sound Reproduction}}
@STRING{AES_VIRT = {Proc. Audio Eng. Soc. ({AES}) Conf. on Virtual, Synthetic \& Entertainment Audio}}
@STRING{AESCAAS = {Proc. {AES} Int. Conf. on Audio, Acoust. \& Small Spaces}}
@STRING{AMS_J = {Trans. Amer. Math. Soc.}}
@STRING{APSIPA = {Asia-Pacific Signal and Inform. Process. Assoc. Annual Summit and Conf. ({APSIPA})}}
@STRING{AS = {The American Statistician}}
@STRING{ASHA = {Proc. American Speech-Language-Hearing Assoc. Conv.}}
@STRING{ASILOMAR = {Proc. Asilomar Conf. on Signals, Syst. \& Comput.}}
@STRING{AT = {Annales des T{\'{e}}l{\'{e}}Commun.}}
@STRING{AUDIOLOGY = {Audiology}}
@STRING{AUTOM = {Automatica}}
@STRING{BG = {Bulletin G\'{e}od\'{e}sique}}
@STRING{BOOK_NRSA = {Noise Reduction in Speech Appl.}}
@STRING{BST_J = {Bell Syst. Tech. J.}}
@STRING{CAMSAP = {Proc. {IEEE} Int. Workshop on Computational Advances in Multi-Sensor Adaptive Process. ({CAMSAP})}}
@STRING{CANECE = {Canadian Conf. on Elect. and Comput. Eng.}}
@STRING{CARACAS = {Proc. Int. Caracas Conf. on Devices, Circuits and Syst.}}
@STRING{CISS = {Conf. on Inform. Sciences and Syst. ({CISS})}}
@STRING{CLIN_NEURO = {Clinical Neurophysiology}}
@STRING{CMJ = {Comput. Music J.}}
@STRING{COM_J = {The Comput. J.}}
@STRING{COMSTAT = {Comput. Stat.}}
@STRING{DAFX = {Proc. Conf. on Digital Audio Effects}}
@STRING{DAGA = {Proc. Int. Conf. on Acoust. ({DAGA})}}
@STRING{DIGIECE = {Proc. Digest of Int. Elect. and Electron. Conf. and Exposition}}
@STRING{EAA_SASP = {{EAA} Spatial Audio Signal Process. Symp.}}
@STRING{EL = {Electron. Lett.}}
@STRING{EURASIP_J_ADSP = {{EURASIP} J. on Advances in Signal Process.}}
@STRING{EURASIP_J_ASMP = {{EURASIP} J. on Audio, Speech, and Music Process.}}
@STRING{EURASIP_J_ASP = {{EURASIP} J. on Applied Signal Process.}}
@STRING{EUROSPEECH = {Proc. Eur. Conf. on Speech Commun. and Technol.}}
@STRING{EUSIPCO = {Proc. Eur. Signal Process. Conf. (EUSIPCO)}}
@STRING{FOLIA_PHON = {Folia Phoniatrica}}
@STRING{FONETIK = {Proc. FONETIK}}
@STRING{FCC_J = {Int. J. Future Comput. Commun.}}
@STRING{GEOPHYS = {Geophysics}}
@STRING{HSCMA = {Proc. Joint Workshop on Hands-free Speech Commun. and Microphone Arrays ({HSCMA})}}
@STRING{IACOUST = {Proc. Institute of Acoust.}}
@STRING{IBMRD_J = {IBM J. Res. Develop}}
@STRING{ICA = {Proc. Int. Congress on Acoust.({ICA})}}
@STRING{ICAD = {Proc. Int. Conf. on Auditory Display.}}
@STRING{ICANN = {Proc. Int. Conf. on Artificial Neural Networks ({ICANN})}}
@STRING{ICASSP = {Proc. {IEEE} Int. Conf. on Acoust., Speech and Signal Process. ({ICASSP})}}
@STRING{ICC = {Proc. Int. Conf. Commun. ({ICC})}}
@STRING{ICCCS = {Proc. Int. Conf. Chilean Comput. Science Soc.}}
@STRING{ICCT = {Proc. Int. Conf. on Commun. Technol.}}
@STRING{ICET = {Proc. Int. Conf. on Emerging Technologies}}
@STRING{ICGIQ = {Proc. Int. Conf. on Geometry, Integrability and Quantization}}
@STRING{ICIP = {Proc. Int. Conf. Image Process.}}
@STRING{ICISIP = {Proc. Int. Conf. on Intell. Sensing and Inform. Process.}}
@STRING{ICM = {Proc. Int. Congress of Mathematicians}}
@STRING{ICMA = {Proc Intl Conf on Mechatronics and Automation ({ICMA})}}
@STRING{ICME = {Proc. Int. Conf. Multimedia and Expo ({ICME})}}
@STRING{ICML = {Proc. Int. Conf. Machine Learning ({ICML})}}
@STRING{ICRA = {Proc. Int. Conf. Robotics and Automation}}
@STRING{ICSA = {Proc. Int. Conf. on Spatial Audio ({ICSA})}}
@STRING{ICSES = {Proc. Int. Conf. on Signals and Electron. Syst. ({ICSES})}}
@STRING{ICSLP = {Proc. Int. Conf. on Spoken Language Process. ({ICSLP})}}
@STRING{ICSP = {Proc. Int. Conf. on Signal Process.}}
@STRING{ISP = {Intell. Signal Process. Conf. ({ISP})}}
@STRING{ICSPCS = {Proc. Int. Conf. on Signal Process. and Commun. Syst. ({ICSPCS})}}
@STRING{ICSigSys = {Proc. Int. Conf. on Signals and Systems. ({ICSigSys)}}}
@STRING{IEE_EL = {{IEE} Electron. Lett.}}}
@STRING{IEE_J = {Proc. of {IEE}}}
@STRING{IEE_J_CSV = {{IEE} Proc. I - Commun., Speech and Vision}}
@STRING{IEEE_AC = {{IEEE} Aerospace Conf.}}
@STRING{IEEE_ACM_J_ASLP = {{IEEE/ACM} Trans. Audio, Speech, Language Process.}}
@STRING{IEEE_CASE = {Proc. {IEEE} Int. Conf. Automation Science and Eng. ({CASE})}}
@STRING{IEEE_EMBC = {Proc. Annu. Conf. of the {IEEE} Eng. in Med. and Biol. Society ({EMBC})}}
@STRING{IEEE_DSP = {Proc. {IEEE} Int. Conf. Digital Signal Process. ({DSP})}}
@STRING{IEEE_DTIS = {Proc. {IEEE} Int. Conf. on Des. \& Tech. of Integr. Syst. in Nanoscale Era ({DTIS})}}
@STRING{IEEE_ICSEE = {Proc. {IEEE} Int. Conf. on the Science of Elect. Eng. ({ICSEE})}}
@STRING{IEEE_J_AC = {{IEEE} Trans. Autom. Control}}
@STRING{IEEE_J_ADVP = {{IEEE} Trans. Adv. Packag.}}
@STRING{IEEE_J_AES = {{IEEE} Trans. Aerosp. Electron. Syst.}}
@STRING{IEEE_J_AIRE = {{IEEE} Trans. Airborne Electron.}}
@STRING{IEEE_J_ANE = {{IEEE} Trans. Aerosp. Navig. Electron.}}
@STRING{IEEE_J_ANNE = {{IEEE} Trans. Aeronaut. Navig. Electron.}}
@STRING{IEEE_J_AP = {{IEEE} Trans. Antennas Propag.}}
@STRING{IEEE_J_APPIND = {{IEEE} Trans. Appl. Ind.}}
@STRING{IEEE_J_AS = {{IEEE} Trans. Aerosp.}}
@STRING{IEEE_J_ASC = {{IEEE} Trans. Appl. Supercond.}}
@STRING{IEEE_J_ASE = {{IEEE} Trans. Autom. Sci. Eng.}}
@STRING{IEEE_J_ASLP = {{IEEE} Trans. Audio, Speech, Language Process.}}
@STRING{IEEE_J_ASSP = {{IEEE} Trans. Acoust., Speech, Signal Process.}}
@STRING{IEEE_J_AU = {{IEEE} Trans. Audio}}
@STRING{IEEE_J_AUEA = {{IEEE} Trans. Audio and Electroacoust.}}
@STRING{IEEE_J_AWPL = {{IEEE} Antennas Wireless Propag. Lett.}}
@STRING{IEEE_J_B-ME = {{IEEE} Trans. Bio-Med. Eng.}}
@STRING{IEEE_J_BC = {{IEEE} Trans. Broadcast.}}
@STRING{IEEE_J_BME = {{IEEE} Trans. Biomed. Eng.}}
@STRING{IEEE_J_BMELC = {{IEEE} Trans. Bio-Med. Electron.}}
@STRING{IEEE_J_C = {{IEEE} Trans. Comput.}}
@STRING{IEEE_J_CAD = {{IEEE} Trans. Comput.-Aided Design Integr. Circuits Syst.}}
@STRING{IEEE_J_CAL = {{IEEE} Comput. Archit. Lett.}}
@STRING{IEEE_J_CAPT = {{IEEE} Trans. Compon. Packag. Technol.}}
@STRING{IEEE_J_CAPTS = {{IEEE} Trans. Compon. Packag. Technol.}}
@STRING{IEEE_J_CAS = {{IEEE} Trans. Circuits Syst.}}
@STRING{IEEE_J_CASI = {{IEEE} Trans. Circuits Syst. {I}}}
@STRING{IEEE_J_CASI_RP = {{IEEE} Trans. Circuits Syst. {I}}}
@STRING{IEEE_J_CASII = {{IEEE} Trans. Circuits Syst. {II}}}
@STRING{IEEE_J_CASII_EB = {{IEEE} Trans. Circuits Syst. {II}}}
@STRING{IEEE_J_CASVT = {{IEEE} Trans. Circuits Syst. Video Technol.}}
@STRING{IEEE_J_CE = {{IEEE} Trans. Consum. Electron.}}
@STRING{IEEE_J_CHMT = {{IEEE} Trans. Compon., Hybrids, Manuf. Technol.}}
@STRING{IEEE_J_COM = {{IEEE} Trans. Commun.}}
@STRING{IEEE_J_COML = {{IEEE} Commun. Lett.}}
@STRING{IEEE_J_COMT = {{IEEE} Trans. Commun. Technol.}}
@STRING{IEEE_J_CPART = {{IEEE} Trans. Compon. Parts}}
@STRING{IEEE_J_CPMTA = {{IEEE} Trans. Compon., Packag., Manuf. Technol. {A}}}
@STRING{IEEE_J_CPMTB = {{IEEE} Trans. Compon., Packag., Manuf. Technol. {B}}}
@STRING{IEEE_J_CPMTC = {{IEEE} Trans. Compon., Packag., Manuf. Technol. {C}}}
@STRING{IEEE_J_CST = {{IEEE} Trans. Control Syst. Technol.}}
@STRING{IEEE_J_CT = {{IEEE} Trans. Circuit Theory}}
@STRING{IEEE_J_DEI = {{IEEE} Trans. Dielectr. Electr. Insul.}}
@STRING{IEEE_J_DMR = {{IEEE} Trans. Device Mater. Rel.}}
@STRING{IEEE_J_EC = {{IEEE} Trans. Energy Convers.}}
@STRING{IEEE_J_ECOMP = {{IEEE} Trans. Electron. Comput.}}
@STRING{IEEE_J_ED = {{IEEE} Trans. Electron Devices}}
@STRING{IEEE_J_EDL = {{IEEE} Electron Device Lett.}}
@STRING{IEEE_J_EDU = {{IEEE} Trans. Educ.}}
@STRING{IEEE_J_EI = {{IEEE} Trans. Electr. Insul.}}
@STRING{IEEE_J_EM = {{IEEE} Trans. Eng. Manag.}}
@STRING{IEEE_J_EMC = {{IEEE} Trans. Electromagn. Compat.}}
@STRING{IEEE_J_EPM = {{IEEE} Trans. Electron. Packag. Manuf.}}
@STRING{IEEE_J_ESSL = {{IEEE/ECS} Electrochem. Solid-State Lett.}}
@STRING{IEEE_J_EVC = {{IEEE} Trans. Evol. Comput.}}
@STRING{IEEE_J_FUZZ = {{IEEE} Trans. Fuzzy Syst.}}
@STRING{IEEE_J_GE = {{IEEE} Trans. Geosci. Electron.}}
@STRING{IEEE_J_GRS = {{IEEE} Trans. Geosci. Remote Sens.}}
@STRING{IEEE_J_GRSL = {{IEEE} Geosci. Remote Sens. Lett.}}
@STRING{IEEE_J_HFE = {{IEEE} Trans. Hum. Factors Electron.}}
@STRING{IEEE_J_IA = {{IEEE} Trans. Ind. Appl.}}
@STRING{IEEE_J_IE = {{IEEE} Trans. Ind. Electron.}}
@STRING{IEEE_J_IECI = {{IEEE} Trans. Ind. Electron. Contr. Instrum.}}
@STRING{IEEE_J_IFS = {{IEEE} Trans. Inf. Forensics Security}}
@STRING{IEEE_J_IGA = {{IEEE} Trans. Ind. Gen. Appl.}}
@STRING{IEEE_J_IINF = {{IEEE} Trans. Ind. Informat.}}
@STRING{IEEE_J_IM = {{IEEE} Trans. Instrum. Meas.}}
@STRING{IEEE_J_IP = {{IEEE} Trans. Image Process.}}
@STRING{IEEE_J_IT = {{IEEE} Trans. Inf. Theory}}
@STRING{IEEE_J_ITBM = {{IEEE} Trans. Inf. Technol. Biomed.}}
@STRING{IEEE_J_ITS = {{IEEE} Trans. Intell. Transp. Syst.}}
@STRING{IEEE_J_JDT = {{IEEE/OSA} J. Display Technol.}}
@STRING{IEEE_J_JEM = {{IEEE/TMS} J. Electron. Mater.}}
@STRING{IEEE_J_JLT = {J. Lightw. Technol.}}
@STRING{IEEE_J_JQE = {{IEEE} J. Quantum Electron.}}
@STRING{IEEE_J_JRA = {{IEEE} J. Robot. Autom.}}
@STRING{IEEE_J_JSAC = {{IEEE} J. Sel. Areas Commun.}}
@STRING{IEEE_J_JSSC = {{IEEE} J. Solid-State Circuits}}
@STRING{IEEE_J_JSTQE = {{IEEE} J. Sel. Topics Quantum Electron.}}
@STRING{IEEE_J_KDE = {{IEEE} Trans. Knowl. Data Eng.}}
@STRING{IEEE_J_MAG = {{IEEE} Trans. Magn.}}
@STRING{IEEE_J_MC = {{IEEE} Trans. Mobile Comput.}}
@STRING{IEEE_J_ME = {{IEEE} Trans. Med. Electron.}}
@STRING{IEEE_J_MECH = {{IEEE/ASME} Trans. Mechatronics}}
@STRING{IEEE_J_MEMS = {J. Microelectromech. Syst.}}
@STRING{IEEE_J_MFT = {{IEEE} Trans. Manuf. Technol.}}
@STRING{IEEE_J_MGWL = {{IEEE} Microw. Guided Wave Lett.}}
@STRING{IEEE_J_MI = {{IEEE} Trans. Med. Imag.}}
@STRING{IEEE_J_MIL = {{IEEE} Trans. Mil. Electron.}}
@STRING{IEEE_J_MM = {{IEEE} Trans. Multimedia}}
@STRING{IEEE_J_MMS = {{IEEE} Trans. Man-Mach. Syst.}}
@STRING{IEEE_J_MTT = {{IEEE} Trans. Microw. Theory Tech.}}
@STRING{IEEE_J_MWCL = {{IEEE} Microw. Wireless Compon. Lett.}}
@STRING{IEEE_J_NANO = {{IEEE} Trans. Nanotechnol.}}
@STRING{IEEE_J_NB = {{IEEE} Trans. Nanobiosci.}}
@STRING{IEEE_J_NET = {{IEEE/ACM} Trans. Netw.}}
@STRING{IEEE_J_NN = {{IEEE} Trans. Neural Netw.}}
@STRING{IEEE_J_NS = {{IEEE} Trans. Nucl. Sci.}}
@STRING{IEEE_J_NSRE = {{IEEE} Trans. Neural Syst. Rehabil. Eng.}}
@STRING{IEEE_J_OE = {{IEEE} J. Ocean. Eng.}}
@STRING{IEEE_J_PAMI = {{IEEE} Trans. Pattern Anal. Mach. Intell.}}
@STRING{IEEE_J_PC = {{IEEE} Trans. Prof. Commun.}}
@STRING{IEEE_J_PDS = {{IEEE} Trans. Parallel Distrib. Syst.}}
@STRING{IEEE_J_PEL = {{IEEE} Power Electron. Lett.}}
@STRING{IEEE_J_PHP = {{IEEE} Trans. Parts, Hybrids, Packag.}}
@STRING{IEEE_J_PMP = {{IEEE} Trans. Parts, Mater., Packag.}}
@STRING{IEEE_J_PROC = {Proc. {IEEE}}}
@STRING{IEEE_J_PS = {{IEEE} Trans. Plasma Sci.}}
@STRING{IEEE_J_PSE = {{IEEE} J. Product Safety Eng.}}
@STRING{IEEE_J_PTL = {{IEEE} Photon. Technol. Lett.}}
@STRING{IEEE_J_PWRAS = {{IEEE} Trans. Power App. Syst.}}
@STRING{IEEE_J_PWRD = {{IEEE} Trans. Power Del.}}
@STRING{IEEE_J_PWRE = {{IEEE} Trans. Power Electron.}}
@STRING{IEEE_J_PWRS = {{IEEE} Trans. Power Syst.}}
@STRING{IEEE_J_R = {{IEEE} Trans. Rel.}}
@STRING{IEEE_J_RA = {{IEEE} Trans. Robot. Autom.}}
@STRING{IEEE_J_RE = {{IEEE} Trans. Rehabil. Eng.}}
@STRING{IEEE_J_REL = {{IEEE} Trans. Reliability Eng.}}
@STRING{IEEE_J_RFI = {{IEEE} Trans. Radio Freq. Interference}}
@STRING{IEEE_J_RO = {{IEEE} Trans. Robot.}}
@STRING{IEEE_J_SAP = {{IEEE} Trans. Speech Audio Process.}}
@STRING{IEEE_J_SE = {{IEEE} Trans. Softw. Eng.}}
@STRING{IEEE_J_SENSOR = {{IEEE} Sensors J.}}
@STRING{IEEE_J_SM = {{IEEE} Trans. Semicond. Manuf.}}
@STRING{IEEE_J_SMC = {{IEEE} Trans. Syst., Man, Cybern.}}
@STRING{IEEE_J_SMCA = {{IEEE} Trans. Syst., Man, Cybern. {A}}}
@STRING{IEEE_J_SMCB = {{IEEE} Trans. Syst., Man, Cybern. {B}}}
@STRING{IEEE_J_SMCC = {{IEEE} Trans. Syst., Man, Cybern. {C}}}
@STRING{IEEE_J_SP = {{IEEE} Trans. Signal Process.}}
@STRING{IEEE_J_SPL = {{IEEE} Signal Process. Lett.}}
@STRING{IEEE_J_SSC = {{IEEE} Trans. Syst. Sci. Cybern.}}
@STRING{IEEE_J_STSP = {{IEEE} J. Sel. Topics Signal Process.}}
@STRING{IEEE_J_SU = {{IEEE} Trans. Sonics Ultrason.}}
@STRING{IEEE_J_TCAD = {{IEEE} J. Technol. Comput. Aided Design}}
@STRING{IEEE_J_TJMJ = {{IEEE} Transl. J. Magn. Jpn.}}
@STRING{IEEE_J_UE = {{IEEE} Trans. Ultrason. Eng.}}
@STRING{IEEE_J_UFFC = {{IEEE} Trans. Ultrason., Ferroelectr., Freq. Control}}
@STRING{IEEE_J_VC = {{IEEE} Trans. Veh. Commun.}}
@STRING{IEEE_J_VCG = {{IEEE} Trans. Vis. Comput. Graphics}}
@STRING{IEEE_J_VLSI = {{IEEE} Trans. {VLSI} Syst.}}
@STRING{IEEE_J_VT = {{IEEE} Trans. Veh. Technol.}}
@STRING{IEEE_J_WCOM = {{IEEE} Trans. Wireless Commun.}}
@STRING{IEEE_M_AES = {{IEEE} Aerosp. Electron. Syst. Mag.}}
@STRING{IEEE_M_AP = {{IEEE} Antennas Propag. Mag.}}
@STRING{IEEE_M_ASSP = {{IEEE} {ASSP} Mag.}}
@STRING{IEEE_M_C = {{IEEE} Comput.}}
@STRING{IEEE_M_CAP = {{IEEE} Comput. Appl. Power}}
@STRING{IEEE_M_CAS = {{IEEE} Circuits Syst. Mag.}}
@STRING{IEEE_M_CD = {{IEEE} Circuits Devices Mag.}}
@STRING{IEEE_M_CGA = {{IEEE} Comput. Graph. Appl.}}
@STRING{IEEE_M_CIM = {{IEEE} Comput. Intell. Mag.}}
@STRING{IEEE_M_COM = {{IEEE} Commun. Mag.}}
@STRING{IEEE_M_COMSOC = {{IEEE} Commun. Soc. Mag.}}
@STRING{IEEE_M_CONC = {{IEEE} Concurrency}}
@STRING{IEEE_M_CS = {{IEEE} Control Syst. Mag.}}
@STRING{IEEE_M_CSE = {{IEEE} Comput. Sci. Eng.}}
@STRING{IEEE_M_CSEM = {{IEEE} Comput. Sci. Eng. Mag.}}
@STRING{IEEE_M_DTC = {{IEEE} Des. Test. Comput.}}
@STRING{IEEE_M_EI = {{IEEE} Electr. Insul. Mag.}}
@STRING{IEEE_M_EMB = {{IEEE} Eng. Med. Biol. Mag.}}
@STRING{IEEE_M_EMR = {{IEEE} Eng. Manag. Rev.}}
@STRING{IEEE_M_ETR = {{IEEE} ElectroTechnol. Rev.}}
@STRING{IEEE_M_EXP = {{IEEE} Expert}}
@STRING{IEEE_M_HIST = {{IEEE} Ann. Hist. Comput.}}
@STRING{IEEE_M_IA = {{IEEE} Ind. Appl. Mag.}}
@STRING{IEEE_M_IC = {{IEEE} Internet Comput.}}
@STRING{IEEE_M_IM = {{IEEE} Instrum. Meas. Mag.}}
@STRING{IEEE_M_IS = {{IEEE} Intell. Syst.}}
@STRING{IEEE_M_ITP = {{IEEE} {IT} Prof.}}
@STRING{IEEE_M_MICRO = {{IEEE} Micro}}
@STRING{IEEE_M_MM = {{IEEE} Multimedia}}
@STRING{IEEE_M_MW = {{IEEE} Microw. Mag.}}
@STRING{IEEE_M_NET = {{IEEE} Netw.}}
@STRING{IEEE_M_PCOM = {{IEEE} Personal Commun. Mag.}}
@STRING{IEEE_M_PE = {{IEEE} Power Energy Mag.}}
@STRING{IEEE_M_PER = {{IEEE} Power Eng. Rev.}}
@STRING{IEEE_M_POT = {{IEEE} Potentials}}
@STRING{IEEE_M_PVC = {{IEEE} Pervasive Comput.}}
@STRING{IEEE_M_RA = {{IEEE} Robot. Autom. Mag.}}
@STRING{IEEE_M_S = {{IEEE} Softw.}}
@STRING{IEEE_M_SAP = {{IEEE} Security Privacy}}
@STRING{IEEE_M_SP = {{IEEE} Signal Process. Mag.}}
@STRING{IEEE_M_SPECT = {{IEEE} Spectr.}}
@STRING{IEEE_M_TODAY = {Today's Engineer}}
@STRING{IEEE_M_TS = {{IEEE} Technol. Soc. Mag.}}
@STRING{IEEE_M_VT = {{IEEE} Veh. Technol. Mag.}}
@STRING{IEEE_M_WC = {{IEEE} Wireless Commun. Mag.}}
@STRING{IEEE_O_CSTO = {{IEEE} Commun. Surveys Tuts.}}
@STRING{IEEE_SPS = {Proc. {IEEE} Benelux Signal Process. Symp. ({SPS})}}
@STRING{IEEE_SPWHOS = {{IEEE} Signal Process. Workshop on Higher-Order Statistics ({SPW-HOS})}}
@STRING{IEEE_SSAP = {Proc. {IEEE} Signal Process. Workshop on Statistical Signal and Array Process. (SSAP)}}
@STRING{IJARCCE = {Proc. Int. J. of Adv. Res. in Comput. and Comm. Eng.}}
@STRING{IJCNN = {Proc. Int. Joint Conf. on Neural Networks ({IJCNN})}}
@STRING{IMA = {IMA Int. Conf. on Math. in Signal Process.}}
@STRING{IMHCI = {Proc. Int. Conf. on Multimedia and Human-Comput. Interaction}}
@STRING{INDICON = {Proc. {IEEE} {INDICON}}}
@STRING{INST_ADS = {Alzheimer's Society}}
@STRING{INST_AESAT = {aESAT-PSI, KU Leuven, Kasteelpark Arenberg 10, 3001, Heverlee, Belgium}}
@STRING{INST_AES = {Audio Eng. Soc. ({AES})}}
@STRING{INST_ANSI = {American National Standards Institute ({ANSI})}}
@STRING{INST_ARUK = {Arthritis Research UK}}
@STRING{INST_ATT = {AT\&T Bell Labs}}
@STRING{INST_AUD = {Audience}}
@STRING{INST_BK = {Br{\"u}el and Kj{\ae}r}}
@STRING{INST_BUDE = {Division of Eng., Brown University, Providence}}
@STRING{INST_CCRMA = {Center for Comput. Research in Music and Acoust. ({CCRMA}), Stanford Univ., Stanford, {CA}, {USA}}}
@STRING{INST_CEDAR = {Cedar Audio Ltd.}}
@STRING{INST_CSLU = {CSLU, Oregon Graduate Institute of Science and Technol.}}
@STRING{INST_CU = {The Cooper Union}}
@STRING{INST_DMI = {Dalle Molle Institute for Perceptual Artificial Intelligence}}
@STRING{INST_DOD = {Dept. of Defence (NSA), USA}}
@STRING{INST_DPA = {DPA Microphones}}
@STRING{INST_DRA = {DRA Speech Research Unit}}
@STRING{INST_EBU = {Eur. Broadcasting Union ({EBU})}}
@STRING{INST_ETSI = {Eur. TeleCommun. Standards Institute ({ETSI})}}
@STRING{INST_FCC = {Federal Commun. Commission ({FCC})}}
@STRING{INST_FOSTEX = {Fostex Company}}
@STRING{INST_GOOGLE = {Google Inc., Mountain View, CA, USA}}
@STRING{INST_HMGCC = {Her Majesty's Govt. Commun. Centre ({HMGCC})}}
@STRING{INST_IBM_TJW = {IBM T. J. Watson Research Center}}
@STRING{INST_ICL = {Imperial College London}}
@STRING{INST_ICSI = {ICSI Berkeley}}
@STRING{INST_IEC = {Int. ElectroTech. Commission ({IEC})}}
@STRING{INST_IN= {Inst. Navigation}}
@STRING{INST_IRT = {Institut f{\"u}r Rundfunktechnik {GmbH} ({IRT})}}
@STRING{INST_ISO = {Int. Org. for Standardization ({ISO})}}
@STRING{INST_ISVR = {Inst. of Sound and Vibration Res., University of Southampton}}
@STRING{INST_ITU_R = {Int. TeleCommun. Union ({ITU-R})}}
@STRING{INST_ITU_T = {Int. Telecommun. Union ({ITU-T})}}
@STRING{INST_LDC = {Linguistic Data Consortium ({LDC})}}
@STRING{INST_JHU = {John Hopkins University}}
@STRING{INST_LTI = {Language Technologies Institute ({LTI}), Carnegie Mellon University, Pittsburgh, {PA}, USA}}
@STRING{INST_MHA = {M. H. Acoust.}}
@STRING{INST_MIT= {Massachusetts Institute of Technol., Cambridge, MA}}
@STRING{INST_MIT_RLE = {{MIT} Research Laboratory of Electron.}}
@STRING{INST_MPIBC = {Max Planck Institute for Biological Cybernetics}}
@STRING{INST_MR = {Microsoft Research}}
@STRING{INST_MRC = {MRC Applied Physiology Unit, Cambridge}}
@STRING{INST_MU = {McGill University}}
@STRING{INST_NPE = {Nokia Product Eng.}}
@STRING{INST_NATS = {National Semiconductor}}
@STRING{INST_NI = {Nagoya Institute of Tech.}}
@STRING{INST_NIST = {{Nat.} {Inst.} of {Standards} and {Tech.} ({NIST})}}
@STRING{INST_NTT = {Elect. Commun. Laboratory, NTT}}
@STRING{INST_NYNEX = {NYNEX Science and Technol. Inc.}}
@STRING{INST_OFCOM = {Office of Commun. (Ofcom), UK}}
@STRING{INST_QUK = {Queen's University, Kingston, Ontario, Canada. {K7L} {3N6}}}
@STRING{INST_RSRE = {Speech Research Unit, RSRE}}
@STRING{INST_SMPTE = {Society of Motion Picture and Television Engineers ({SMPTE})}}
@STRING{INST_SU = {University of Southampton}}
@STRING{INST_SRI = {Stanford Research Institute ({SRI})}}
@STRING{INST_TFFA_UEN = {Der Technischen Fakult{\"a}t der Friedrich-Alexander-Universit{\"a}t Erlangen-N{\"u}rnberg}}
@STRING{INST_TIIT = {Technion - Israel Institute of Tech.}}
@STRING{INST_TI = {Tokyo Institute of Tech.}}
@STRING{INST_TINA = {Tokyo Institute of Tech. and Nagoya Institute of Tech.}}
@STRING{INST_TKK = {Helsinki Univ. of Tech.}}
@STRING{INST_TNO = {TNO Institute for Perception}}
@STRING{INST_TNORSRE = {TNO Institute for Perception, Speech Research Unit, RSRE}}
@STRING{INST_TUD_AL = {The Acoust. Laboratory, Tech. University of Denmark}}
@STRING{INST_TUE = {Technische Universiteit Eindhoven ({TU/e})}}
@STRING{INST_TUT = {Tampere University of Technol.}}
@STRING{INST_UCL = {University College London}}
@STRING{INST_UOB = {University of Birmingham}}
@STRING{INST_UOR = {University of Reading}}
@STRING{INST_UPC = {Universitat Polit\`{e}cnica de Catalunya}}
@STRING{INST_VU = {VU University Medical Center}}
@STRING{INTERSPEECH = {Proc. Conf. of Int. Speech Commun. Assoc. ({INTERSPEECH})}}
@STRING{IPCCC = {Proc. Int. Phoenix Conf. on Comput. and Commun.}}
@STRING{IRE = {{IRE} Trans. on Inform. Theory}}
@STRING{IROS = {Proc. {IEEE/RSJ} Int. Conf. on Intelligent Robots and Syst. (IROS)}}
@STRING{ISAAR = {Proc. Int. Symp. on Auditory and Audiological Research. (ISAAR)}}
@STRING{ISCAS = {Proc. Int. Symp. on Circuits and Syst.}}
@STRING{ISCASSW = {Proc. Int. Speech Commun. Assoc. ({ISCA}) Workshop on Speech Synthesis}}
@STRING{ISCCSP = {Proc. Int. Symp. on Control, Commmunications and Signal Process.}}
@STRING{ISM = {Proc. {IEEE} Int. Symp on Multimedia ({ISM})}}
@STRING{ISMIR = {Proc. Int. Soc. for Music Inform. Retrieval Conf. ({ISMIR})}}
@STRING{ISPLC = {Proc. Int. Symp. on Power Line Commun. and Its Applicat.}}
@STRING{ISRA = {Proc. Int. Symp. on Room Acoust. ({ISRA})}}
@STRING{ISSPA = {Proc. Int. Symp. on Signal Process. and its Appl. (ISSPA)}}
@STRING{ISSPIT = {Proc. Int. Symp. on Signal Process. and Inform. Technol. (ISSPIT)}}
@STRING{ITS = {Proc. Int. TeleCommun. Symp. ({ITS})}}
@STRING{ITSP = {Proc. Int. Conf. on Telecommun. and Signal Process.}}
@STRING{IWAENC = {Proc. Int. Workshop on Acoust. Signal Enhancement ({IWAENC})}}
@STRING{IWAENC_PRE_2012 = {Proc. Int. on Workshop Acoust. Echo and Noise Control ({IWAENC})}}
@STRING{IWASE = {Proc. Int. Workshop on Acoust. Signal Enhancement ({IWAENC})}}
@STRING{IWCNC = {Proc. {IEEE} Wireless Commun. and Netw. Conf.}}
@STRING{IWSSP = {Proc. {IEEE} Workshop on Statistical Signal Process.}}
@STRING{JAMA_ARCHOTO= {Arch. Otolaryngol. Head Neck Surg.}}
@STRING{JAMA_N = {JAMA Neurol.}}
@STRING{JAMA_OTO= {JAMA Otolaryngol. Head Neck Surg.}}
@STRING{J_ZA = {Zeitschrift f{\"u}r Audiologie}}
@STRING{J_ACM = {J. of the Assoc. for Comput. Machinery}}
@STRING{J_AD = {J. of Alzheimer's Disease}}
@STRING{J_AEEE = {Advances in Elect. and Electron. Eng.}}
@STRING{J_AES = {J. Audio Eng. Soc. ({AES})}}
@STRING{J_AESJ = {J. Audio Eng. Soc. of Japan}}
@STRING{J_AUDIOLOGY = {Int. J. of Audiology}}
@STRING{J_ARCHNL = {Arch. Neurol.}}
@STRING{J_ART = {Alzheimer's Research \& Therapy}}
@STRING{J_AS = {Appl. Sci.}}
@STRING{J_ASA = {J. Acoust. Soc. Am.}}
@STRING{J_ASJ = {J. Acoust. Soc. Japan}}
@STRING{J_AST = {Acoustical Science and Technol.}}
@STRING{J_AUTOMATICA = {Automatica}}
@STRING{J_BAE = {Building and Environment}}
@STRING{J_BMJ = {British Medical J.}}
@STRING{J_BRAIN = {Brain}}
@STRING{J_CACM = {Commun. ACM}}
@STRING{J_CA = {J. Comp. Acoust.}}
@STRING{J_CAM = {J. of Computational and Applied Mathematics}}
@STRING{J_CCC = {Int. J. of Comput., Commun. and Control}}
@STRING{J_CRSAS = {Comptes rendus des S{\'{e}}ances de l'{A}cad{\'{e}}mie des {S}ciences}}
@STRING{J_CSL = {Comput. Speech and Language}}
@STRING{J_CTN = {Ann. of Clinical and Translational Neurol.}}
@STRING{J_EB = {Energy and Buildings}}
@STRING{J_EC = {Ecology}}
@STRING{J_EXTREM = {Extremes}}
@STRING{J_EH = {Ear and Hearing, J. of American Auditory Soc. ({AAS})}}
@STRING{J_ENT = {Ear, Nose and Throat J.}}
@STRING{J_EXP_PSY = {J. Exp. Psychol.}}
@STRING{J_FAA = {J. Fourier Analysis and Appl.}}
@STRING{J_FL = {Forensic Linquistics}}
@STRING{J_H = {The Hearing J.}}
@STRING{J_IEICE = {{IEICE} Tech. Rep.}}
@STRING{J_INF = {Informatica}}
@STRING{J_IST = {Int. J. of Speech Technol.}}
@STRING{J_ITC = {Int. J. of Applied Research on Inform. Technol. and Comput.}}
@STRING{J_IUEEE = {Istanbul University J. of Elect. \& Electron. Eng.}}
@STRING{J_LANCET = {The Lancet}}
@STRING{J_LCD = {Int. J. of Language and Commun. Disorders}}
@STRING{J_LS = {Language and Speech}}
@STRING{J_MPA = {J. de math{\'{e}}matiques pures et appliqu{\'{e}}es}}
@STRING{J_MIR = {J. of Medical Internet Res.}}
@STRING{J_NI = {NeuroImage}}
@STRING{J_NPE = {Archives N{\'e}erlandaises de Phon{\'e}tique Exp{\'e}rimentale}}
@STRING{J_OTO = {J. of Otology and Neurotology}}
@STRING{J_N = {Neurology}}
@STRING{J_NA = {Neurobiology of Aging}}
@STRING{J_NB = {J. Nonverbal Behav.}}
@STRING{J_NL = {J. of Neurology}}
@STRING{J_NPSY = {Neuropsychologia}}
@STRING{J_NS = {J. of Neuroscience}}
@STRING{J_NJC = {Nordic J. of Comput.}}
@STRING{J_PHONET = {J. of Phonetics}}
@STRING{J_PP = {Perception \& Psychophysics}}
@STRING{J_ROB = {Robotics}}
@STRING{J_SHR = {J. of Speech and Hearing Research}}
@STRING{J_SLHR = {J. of Speech, Language and Hearing Research}}
@STRING{J_SP = {Signal Process.}}
@STRING{J_SPCOM = {Speech Commun.}}
@STRING{J_STL_QPSR = {Speech, Music and Hearing Quarterly Progress and Status Rep.}}
@STRING{J_SV = {J. of Sound and Vibration}}
@STRING{J_TEECS = {Turkish J. of Electr. Eng. and Comp. Sci.}}
@STRING{J_TNM = {Technometrics}}
@STRING{J_V = {J. of Voice}}
@STRING{J_VirtR = {Int. J. of Virtual Reality}}
@STRING{J_VR = {Vision Research}}
@STRING{LREC = {Proc. Int. Conf. on Language Resources and Evaluation ({LREC})}}
@STRING{MeMeA = {Proc. IEEE Int. Symp. on Medical Measurements and Appl. ({MeMeA})}}
@STRING{MEP = {J. of Medical Eng. \& Physics}}
@STRING{MMSP = {Proc. {IEEE} Int. Workshop on Multimedia Signal Process. (MMSP)}}
@STRING{NCC = {Proc. Nat. Conf. on Commun. ({NCC}), India}}
@STRING{NEUROCOMP = {Neurocomputing}}
@STRING{NIPS = {Proc. Neural Inform. Process. Conf}}
@STRING{NMR_J = {J. of New Music Research}}
@STRING{NOLISP = {Proc. Nonlinear Speech Process.}}
@STRING{ODYSSEY = {Proc. Odyssey: The Speaker and Language Recognition Workshop}}
@STRING{OPTIM = {Proc. Int. Conf. on Optimization of Elect. and Electron. Equipment ({OPTIM})}}
@STRING{P_ACU_EEAF = {Proc. {EAA} Forum Acusticum, Eur. Congress on Acoust.}}
@STRING{P_CSIP = {Proc. IEEE China Summit and Int. Conf. on Signal and Inform. Process. (ChinaSIP)}}
@STRING{P_ISETC = {Int. Symp. on Electron. and TeleCommun. ({ISETC})}}
@STRING{P_PPFSTI = {Past, Present, and Future of the Speech Transmission Index. Int. Symp. on STI}}
@STRING{PACRIM = {IEEE Pacific Rim Conf. on Commun., Comput. and Signal Process.}}
@STRING{PLOS_ONE = {{PLOS} {ONE}}}
@STRING{PNAS = {Proc. National Academy of Sciences}}
@STRING{PR_L = {Pattern Recognition Lett.}}
@STRING{PRORISC = {Proc. Workshop Circuits, Syst. and Signal Process. ({ProRISC})}}
@STRING{PTRSL = {Philos. Trans. Royal Soc. London}}
@STRING{PUB-AB = {Allyn and Bacon}}
@STRING{PUB-AH = {Artech House}}
@STRING{PUB-AP = {Academic Press}}
@STRING{PUB-AP:ADR = {San Diego, California, USA; London, UK}}
@STRING{PUB-AKASS = {Aksen Associates}}
@STRING{PUB-AR = {Aldebaran Robotics}}
@STRING{PUB-ASA = {Acoustical Society of America}}
@STRING{PUB-AW = {Addison-Wesley}}
@STRING{PUB-BIRKHAUSER = {Birkh{\"{a}}user}}
@STRING{PUB-BIRKHAUSER:ADR = {Cambridge, MA, USA; Berlin, Germany;Basel,Switzerland}}
@STRING{PUB-BL = {Blackwell Publishing Ltd.}}
@STRING{PUB-CAR = {Career Press}}
@STRING{PUB-CH = {Chapman}}
@STRING{PUB-CHI = {University of Chicago Press}}
@STRING{PUB-CL = {Cengage Learning}}
@STRING{PUB-CP = {Clarendon Press}}
@STRING{PUB-CRC = {CRC Press}}
@STRING{PUB-CRC:ADR = {2000 Corporate Blvd., Boca Raton, FL 33431, {USA}}}
@STRING{PUB-CUP = {Cambridge University Press}}
@STRING{PUB-CUP:ADR = {Cambridge, {UK}}}
@STRING{PUB-CUED = {Cambridge Univ. Eng. Dept.}}
@STRING{PUB-DOVER = {Dover Publications, Inc.}}
@STRING{PUB-DOVER:ADR = {New York, {USA}}}
@STRING{PUB-ELRA = {Eur. Language Resources Assoc. ({ELRA})}}
@STRING{PUB-ESP = {Elsevier Science Publishers B. V.}}
@STRING{PUB-ESP:ADR = {Amsterdam, The Netherlands}}
@STRING{PUB-HRW = {Holt, Rinehart, and Winston}}
@STRING{PUB-HRW:ADR = {New York, {NY}, {USA}}}
@STRING{PUB-IAM = {Soc. Ind. \& Applied Maths.}}
@STRING{PUB-IEEE = {IEEE Comput. Society Press}}
@STRING{PUB-IEEE:ADR = {1109 Spring Street, Suite 300, Silver Spring, {MD} 20910, {USA}}}
@STRING{PUB-IT = {InTech}}
@STRING{PUB-IT:ADR = {Vienna, Austria}}
@STRING{PUB-IUP = {Indiana Univ. Press}}
@STRING{PUB-JHUP = {John Hopkins University Press}}
@STRING{PUB-JWS = {John Wiley \& Sons}}
@STRING{PUB-JWS:ADR = {New York, NY, USA}}
@STRING{PUB-KAP = {Kluwer Academic Publisher}}
@STRING{PUB-KAP:ADR = {Norwell, MA, USA, and Dordrecht, The Netherlands}}
@STRING{PUB-KTH = {Dept. of Speech, Music and Hearing, KTH}}
@STRING{PUB-L = {Longman Group Limited}}
@STRING{PUB-MD = {Marcel Dekker}}
@STRING{PUB-MD:ADR = {New York, NY, USA}}
@STRING{PUB-MH = {McGraw-Hill}}
@STRING{PUB-MH:ADR = {New York, NY, USA}}
@STRING{PUB-MDG = {Mouton de Gruyter}}
@STRING{PUB-MC = {Morgan \& Claypool}}
@STRING{PUB-MG = {Munksgaard}}
@STRING{PUB-MIT = {The MIT Press}}
@STRING{PUB-ML = {The Mathworks Inc.}}
@STRING{PUB-NH = {North-Holland}}
@STRING{PUB-OUP = {Oxford University Press, UK}}
@STRING{PUB-PAW = {Pearson Addison Wesley}}
@STRING{PUB-PEAR = {Pearson Edu.}}
@STRING{PUB-PEARHE = {Pearson Higher Edu., Inc.}}
@STRING{PUB-PENP = {Peninsula Publishing}}
@STRING{PUB-PERP = {Pergamon Press Ltd.}}
@STRING{PUB-PLURAL = {Plural Publishing}}
@STRING{PUB-PH = {Prentice Hall}}
@STRING{PUB-PH:ADR = {Englewood Cliffs, NJ 07632, USA}}
@STRING{PUB-PUP = {Princeton University Press}}
@STRING{PUB-SIAM = {SIAM}}
@STRING{PUB-SIAM:ADR = {Philadelphia, PA, USA}}
@STRING{PUB-SHA = {Shaker-Verlag}}
@STRING{PUB-SV = {Spring{\-}er-Ver{\-}lag}}
@STRING{PUB-SV:ADR = {Berlin, Germany~/ Heidelberg, Germany~/ London, UK~/ etc.}}
@STRING{PUB-SVB = {Springer Science \& Business Media}}
@STRING{PUB-S = {Springer}}
@STRING{PUB-TEU = {Teubner Verlag}}
@STRING{PUB-TEU:ADR = {Stuttgart, Germany}}
@STRING{PUB-TF = {Taylor \& Francis Ltd.}}
@STRING{PUB-TI = {Texas instruments Inc.}}
@STRING{PUB-UP = {Universal Publishers}}
@STRING{PUB-W = {John Wiley \& Sons, Inc.}}
@STRING{PUB-WI = {Wiley-Interscience}}
@STRING{PUB-WIEEE = {Wiley-IEEE Press}}
@STRING{PUB-WS = {World Scientific}}
@STRING{PUB-WW = {William \& Wilkins}}
@STRING{PUB-W:ADR = {Hoboken, New Jersey, USA}}
@STRING{PUB-W3K = {W3K Publishing}}
@STRING{RE = {Radio Eng.}}
@STRING{REVERB = {Proc. REVERB Challenge Workshop}}
@STRING{RLSP = {Research Lett. in Signal Process.}}
@STRING{SAM = {Proc. IEEE Sensor Array and Multichannel Signal Process. Workshop ({SAM})}}
@STRING{SCORED = {Proc. Student Conf. Research and Develop. ({SCORED})}}
@STRING{SCW = {Proc. {IEEE} Speech Coding Workshop}}
@STRING{SECURWARE = {Int. Conf. on Emerging Security Inf. Syst. and Tech. ({SECURWARE})}}
@STRING{SIAM_AM_J = {{SIAM} J. Appl. Math.}}
@STRING{SIAM_MAA_J = {{SIAM} J. Matrix Anal. Appl.}}
@STRING{SIAM_NA_J = {{SIAM} J. Num. Anal.}}
@STRING{SIAM_OPT_J = {{SIAM} J. on Optimization}}
@STRING{SIAM_REV = {{SIAM} Rev.}}
@STRING{SIAM_SC_J = {{SIAM} J. Sci. Comput.}}
@STRING{SIGMAP = {Proc. Int. Conf. on Signal Process. in Multimedia Appl. ({SIGMAP})}}
@STRING{SIU = {Proc. Signal Process. and Commun. Appl. Conf. (SIU), Turkey}}
@STRING{SPAT = {Proc. Int. Conf. on Signal Process. Appl. and Technol.}}
@STRING{SPECOM = {Proc. Speech and Comput.}}
@STRING{SPEN = {Speech Enhancement}}
@STRING{SPIE_MMSA = {Proc. SPIE Multimedia Storage and Archiving Syst. II}}
@STRING{SPIEAAASP = {Proc. SPIE Adv. Algorithms Architectures Signal Process.}}
@STRING{SPL = {Statistics and Probability Lett.}}
@STRING{SSP = {Proc. {IEEE/SP} Workshop on Statistical Signal Process.}}
@STRING{SSPD = {Sensor Signal Process. for Defence Conf. ({SSPD})}}
@STRING{STL-QPSR = {STL-QPSR}}
@STRING{STL_QPSR = {STL-QPSR}}
@STRING{SLT = {Proc. {IEEE} Spoken Language Technol. Workshop ({SLT})}}
@STRING{TENCON = {IEEE Region 10 Conf. ({TENCON})}}
@STRING{TH = {Trends Hear.}}
@STRING{TMH-QPSR = {TMH-QPSR}}
@STRING{VTCONF = {Proc. {IEEE} Vechicular Technol. Conf.}}
@STRING{WASPAA = {Proc. {IEEE} Workshop on Appl. of Signal Process. to Audio and Acoust. ({WASPAA})}}
@STRING{WCECS = {Proc. World Congress on Eng. and Comput. Science ({WCECS})}}
@STRING{WICASS = {Proc. Int. Workshop on Independent Component Analysis and Signal Separation}}
@STRING{WSC = {Proc. {IEEE} Workshop on Speech Coding}}
@STRING{WSNL = {Proc. Assoc. for Computational Linguistics ({ACL}) Int. Workshop on Speech and Natural Language}}
@STRING{Z_WVW = {Zeitschrift f{\"{u}}r Wahrscheinlichkeitstheorie und Verwandte Gebiete}}
